%! Author = alexa
%! Date = 25.11.2019

@article{hatton2004safer,
    title={Safer language subsets: an overview and a case history, MISRA C},
    author={Hatton, Les},
    journal={Information and Software Technology},
    volume={46},
    number={7},
    pages={465--472},
    year={2004},
    publisher={Elsevier}
}

@article{hatton2007language,
    title={Language subsetting in an industrial context: A comparison of MISRA C 1998 and MISRA C 2004},
    author={Hatton, Les},
    journal={Information and Software Technology},
    volume={49},
    number={5},
    pages={475--482},
    year={2007},
    publisher={Elsevier}
}

@inproceedings{boogerd2008assessing,
    title={Assessing the value of coding standards: An empirical study},
    author={Boogerd, Cathal and Moonen, Leon},
    booktitle={2008 IEEE International Conference on Software Maintenance},
    pages={277--286},
    year={2008},
    organization={IEEE}
}

@article{kornecki2009certification,
    title={Certification of software for real-time safety-critical systems: state of the art},
    author={Kornecki, Andrew and Zalewski, Janusz},
    journal={Innovations in Systems and Software Engineering},
    volume={5},
    number={2},
    pages={149--161},
    year={2009},
    publisher={Springer}
}

@standard{MISRA2004,
    added-at = {2010-01-10T12:29:51.000+0100},
    author = {{MIRA Ltd}},
    biburl = {https://www.bibsonomy.org/bibtex/24af84f2c08b4012aef91dc1c6440ff5e/sjbutler},
    institution = {Motor Industry Software Reliability Association},
    interhash = {6574ea339cdd190f20ece212bdef42ad},
    intrahash = {4af84f2c08b4012aef91dc1c6440ff5e},
    keywords = {source standard C code},
    month = Oct,
    organization = {MIRA},
    timestamp = {2010-01-10T12:29:52.000+0100},
    title = {{MISRA-C}:2004 {G}uidelines for the use of the {C} language in Critical Systems},
    url = {www.misra.org.uk},
    year = 2004
}

